<record><leader>01276cam a2200337 a 4500</leader><controlfield tag="001">1002313</controlfield><controlfield tag="008">880413s1985    njua   j          0 eng d</controlfield><datafield ind1=" " ind2=" " tag="010"><subfield code="a">   85007643 /AC</subfield></datafield><datafield ind1=" " ind2=" " tag="020"><subfield code="a">0810465906 (pbk.)</subfield></datafield><datafield ind1=" " ind2=" " tag="035"><subfield code="a">ocm11972935</subfield></datafield><datafield ind1=" " ind2=" " tag="040"><subfield code="a">DLC</subfield><subfield code="b">eng</subfield><subfield code="c">DLC</subfield></datafield><datafield ind1=" " ind2=" " tag="049"><subfield code="a">AEU</subfield><subfield code="b">eng</subfield></datafield><datafield ind1="0" ind2="0" tag="050"><subfield code="a">QA76.8.A662</subfield><subfield code="b">J68 1985b</subfield></datafield><datafield ind1="0" ind2=" " tag="082"><subfield code="a">001.64/2</subfield><subfield code="2">19</subfield></datafield><datafield ind1="0" ind2=" " tag="090"><subfield code="a">QA 76.8 A662 J774 1985</subfield></datafield><datafield ind1="1" ind2=" " tag="100"><subfield code="a">Jones, Aubrey B.</subfield></datafield><datafield ind1="1" ind2="0" tag="245"><subfield code="a">I speak Pascal to my Apple /</subfield><subfield code="c">Aubrey Jones, Jr., and Aubrey Jones III.</subfield></datafield><datafield ind1=" " ind2=" " tag="260"><subfield code="a">Hasbrouck Heights, N.J. :</subfield><subfield code="b">Hayden Book Co.,</subfield><subfield code="c">c1985.</subfield></datafield><datafield ind1=" " ind2=" " tag="300"><subfield code="a">xiii, 350 p. :</subfield><subfield code="b">ill. ;</subfield><subfield code="c">24 cm.</subfield></datafield><datafield ind1=" " ind2=" " tag="336"><subfield code="a">text</subfield><subfield code="b">txt</subfield><subfield code="2">rdacontent</subfield></datafield><datafield ind1=" " ind2=" " tag="337"><subfield code="a">unmediated</subfield><subfield code="b">n</subfield><subfield code="2">rdamedia</subfield></datafield><datafield ind1=" " ind2=" " tag="338"><subfield code="a">volume</subfield><subfield code="b">nc</subfield><subfield code="2">rdacarrier</subfield></datafield><datafield ind1=" " ind2=" " tag="500"><subfield code="a">Includes index.</subfield></datafield><datafield ind1=" " ind2=" " tag="520"><subfield code="a">Explains how to use the computer language PASCAL to write programs for the Apple II computer.</subfield></datafield><datafield ind1=" " ind2=" " tag="521"><subfield code="a">For secondary grades.</subfield></datafield><datafield ind1=" " ind2=" " tag="596"><subfield code="a">38</subfield></datafield><datafield ind1=" " ind2="0" tag="650"><subfield code="a">Apple II (Computer)</subfield><subfield code="x">Programming</subfield><subfield code="v">Juvenile literature.</subfield></datafield><datafield ind1=" " ind2="0" tag="650"><subfield code="a">Pascal (Computer program language)</subfield><subfield code="v">Juvenile literature.</subfield></datafield><datafield ind1=" " ind2="0" tag="650"><subfield code="a">Computer programming</subfield><subfield code="v">Juvenile literature.</subfield></datafield><datafield ind1="1" ind2=" " tag="700"><subfield code="a">Jones, Aubrey,</subfield><subfield code="d">1965-</subfield></datafield><datafield ind1=" " ind2=" " tag="926"><subfield code="a">QA 76.8 A662 J774 1985</subfield><subfield code="w">LC</subfield><subfield code="c">1</subfield><subfield code="i">000024104812</subfield><subfield code="l">ON_SHELF</subfield><subfield code="m">UABARD</subfield><subfield code="p">$150.00</subfield><subfield code="r">Y</subfield><subfield code="s">Y</subfield><subfield code="t">BOOK</subfield><subfield code="u">4/15/1988</subfield><subfield code="o">.STAFF.  B0016561</subfield></datafield></record>